@online{noaa,
  title =        {NOAA Solar Calculator},
  url =          {https://www.esrl.noaa.gov/gmd/grad/solcalc/},
  journal =      {ESRL Global Monitoring Division - Global Radiation Group},
  publisher =    {National Oceanic & Atmospheric Administration},
  year =         {2005},
  month =        {Oct}
}

@techreport{nasa,
  author =       " A. T. Mecherikunnel and Richmond, J.",
  title =        "Spectral distribution of solar radiation",
  number =       "TM-82021",
  institution =  "NASA Goddard Space Flight Center",
  address =      "Greenbelt, MD, United States",
  type =         "Technical Memo",
  year =         1980,
  month =        sep
}

@article{zhou,
  title =        {Computer-Based Experiment for Determining Planck's Constant
                  Using LEDs},
  volume =       46,
  DOI =          {10.1119/1.2981288},
  number =       7,
  journal =      {The Physics Teacher},
  author =       {Zhou, Feng and Cloninger, Todd},
  year =         2008,
  month =        {Oct},
  pages =        {413–415}
}

@book{meeus,
  title =        {Astronomical algorithms},
  volume =       {2nd ed., 2nd English ed.},
  isbn =         {978-0-943396-63-7},
  abstract =     {iv, 477 p. : ill. ; 24 cm.},
  publisher =    {Richmond, Va.: Willmann-Bell},
  author =       {Meeus, Jean},
  date =         {1998},
  keywords =     {Algorithms, Astronomy—Data processing, Astronomy—Problems,
                  exercises, etc}
}

@online{photoelectric_effect,
  title =        {photoelectric effect},
  url =          {https://www.britannica.com/science/photoelectric-effect},
  journal =      {Encyclopædia Britannica},
  publisher =    {Encyclopædia Britannica, inc.},
  author =       {{The Editors of Encyclopædia Britannica}}
}

@online{planck,
  title =        {CODATA Value: Planck constant},
  url =          {http://physics.nist.gov/cgi-bin/cuu/Value?h},
  journal =      {The NIST Reference on Constants, Units, and Uncertainty},
  publisher =    {The National Institute of Standards and Technology},
  year =         {2015},
  month =        {Jun}
}

@online{qe,
  title =        {CODATA Value: elementary charge},
  url =          {http://physics.nist.gov/cgi-bin/cuu/Value?e},
  journal =      {The NIST Reference on Constants, Units, and Uncertainty},
  publisher =    {The National Institute of Standards and Technology},
  year =         {2015},
  month =        {Jun}
}

@online{kb,
  title =        {CODATA Value: Boltzmann constant},
  url =          {http://physics.nist.gov/cgi-bin/cuu/Value?k},
  journal =      {The NIST Reference on Constants, Units, and Uncertainty},
  publisher =    {The National Institute of Standards and Technology},
  year =         {2015},
  month =        {Jun}
}

@online{c,
  title =        {CODATA Value: speed of light in vacuum},
  url =          {http://physics.nist.gov/cgi-bin/cuu/Value?c},
  journal =      {The NIST Reference on Constants, Units, and Uncertainty},
  publisher =    {The National Institute of Standards and Technology},
  year =         {2015},
  month =        {Jun}
}